<?xml version="1.0" encoding="UTF-8"?><collection xmlns="http://www.loc.gov/MARC21/slim"><record><leader>00415nam--2200145-i-4500</leader><controlfield tag="001">000011249</controlfield><controlfield tag="002">20161230</controlfield><controlfield tag="005">20161230201029</controlfield><controlfield tag="008">060222s1000------------r-----000-0-eng-d</controlfield><datafield ind1=" " ind2=" " tag="080"><subfield code="a">519.2:517.91</subfield></datafield><datafield ind1=" " ind2=" " tag="100"><subfield code="a">Arnold, Ludwig</subfield></datafield><datafield ind1=" " ind2=" " tag="245"><subfield code="a">Stochastic differential equations: theory and applications</subfield></datafield><datafield ind1=" " ind2=" " tag="260"><subfield code="a">New York, John Wiley And Sons, 1974 Xvi + 228 P</subfield></datafield><datafield ind1=" " ind2=" " tag="852"><subfield code="a">41914</subfield><subfield code="c">517.9</subfield></datafield><datafield ind1=" " ind2=" " tag="CAT"><subfield code="a">Sys</subfield><subfield code="c">20081020</subfield><subfield code="h">125943</subfield></datafield></record></collection>